% Extensive bib file for SUNDIALS
%
% Label convention:
%   One author:   first three letters of last name : two digit year
%   Two authors:  first two letters of last names : two digit year
%   More authors: first letter of last names : two digit year
%
%

%%% ================== SUNDIALS ===========================
%
% PVODE & IDA
%
@techreport{Hin:00,
author={A. C. Hindmarsh},
title={The {PVODE} and {IDA} Algorithms},
institution={LLNL},
number={UCRL-ID-141558},
year=2000
}
%
% Upcoming SUNDIALS article
%
@article{HBGLSSW:04,
author={A. C. Hindmarsh and P. N. Brown and K. E. Grant and S. L. Lee 
        and R. Serban and D. E. Shumaker and C. S. Woodward},
title={{SUNDIALS}, {S}uite of {N}onlinear and {D}ifferential/{A}lgebraic {E}quation {S}olvers},
journal={ACM Trans. Math. Softw.},
number={(submitted)},
year=2004
}

%%% ===================== CVODE ===========================
%
% CVODE User guide
%
@techreport{CoHi:94,
author={S. D. Cohen and A. C. Hindmarsh},
title={\mbox{CVODE} User Guide},
institution={LLNL},
number={UCRL-MA-118618},
year=1994
}
%
% CVODE paper
% 
@article{CoHi:96,
author={S. D. Cohen and A. C. Hindmarsh},
title={\mbox{CVODE}, a Stiff/Nonstiff {ODE} Solver in {C}},
journal={Computers in Physics},
volume={10(2)},
pages={138--143},
year=1996
}
%
% PVODE user guide
%
@techreport{ByHi:98,
author={G. D. Byrne and A. C. Hindmarsh},
title={User Documentation for {PVODE}, An {ODE} Solver for Parallel Computers},
institution={LLNL},
number={UCRL-ID-130884},
year=1998
}
%
% PVODE
% 
@article{ByHi:99,
author={G. D. Byrne and A. C. Hindmarsh},
title={{PVODE}, An {ODE} Solver for Parallel Computers},
journal={Intl. J. High Perf. Comput. Apps.},
volume={13(4)},
pages={254--365},
year=1999
}
%
% Problem test for PVODE
%
@techreport{Wit:96,
author={M. R. Wittman},
title={Testing of {PVODE}, a Parallel {ODE} Solver},
institution={LLNL},
number={UCRL-ID-125562},
year=1996
}
%
% PVODE for BOUT equations
%
@article{RXH:02,
author={T. D. Rognlien and X. Q. Xu and A. C. Hindmarsh},
title={Application of Parallel Implicit Methods to Edge-Plasma
        Numerical Simulations}, 
journal = {J. Comp. Phys.},
volume = {175},
pages = {249-268},
year = 2002
}
%
% New CVODE user guide
%
@techreport{HiSe:04cvode,
author={A. C. Hindmarsh and R. Serban},
title={User Documentation for \mbox{CVODE} v2.2.0},
institution={LLNL},
number = {(in preparation)},
year=2004
}

%%% ===================== CVODES ============================
%
% CVODES user guide
%
@techreport{HiSe:02,
author={A. C. Hindmarsh and R. Serban},
title={User Documentation for \mbox{CVODES}, An {ODE} Solver with Sensitivity 
        Analysis Capabilities},
institution={LLNL},
number={UCRL-MA-148813},
year=2002
}
%
% New CVODES user guide
%
@techreport{HiSe:04cvodes,
author={A. C. Hindmarsh and R. Serban},
title={User Documentation for \mbox{CVODES} v2.1.0},
institution={LLNL},
number = {(in preparation)},
year=2004
}
%
% Upcoming CVODES article
%
@article{SeHi:03,
author={R. Serban and A. C. Hindmarsh},
title={\mbox{CVODES}, An {ODE} Solver with Sensitivity 
        Analysis Capabilities},
journal={ACM Trans. Math. Softw.},
number={(submitted)},
year=2004
}
%
% SensPVODE user guide
%
@techreport{LHB:00,
author={S. L. Lee and A. C. Hindmarsh and P. N. Brown},
title={User Documentation for \mbox{SensPVODE}, A Variant of {PVODE} for Sensitivity Analysis},
institution={LLNL},
number={UCRL-MA-140211},
year=2000
} 
%
%
% 
@inproceedings{LeHo:01,
author={S. L. Lee. and P. D. Hovland},
title={Sensitivity Analysis using Parallel {ODE} Solvers and Automatic Differentiation in C:
{SensPVODE} and {ADIC}},
booktitle={Automatic Differentiation of Algorithms: From Simulation to Optimization},
editors={George Corliss, Christele Faure, Andreas Griewank, Laurent Hascoet, and Uwe Naumann},
publisher={Springer-Verlag},
address={New York},
pages={223--229},
year=2001
}

%%% ===================== IDA ============================
%
% IDA user guide
% 
@techreport{HiTa:99,
author={A. C. Hindmarsh and A. G. Taylor},
title={User Documentation for \mbox{IDA}, a Differential-Algebraic Equation Solver 
        for Sequential and Parallel Computers},
institution={LLNL},
number={UCRL-MA-136910},
year=1999
} 
%
% New IDA user guide
%
@techreport{HiSe:04ida,
author={A. C. Hindmarsh and R. Serban},
title={User Documentation for \mbox{IDA} v2.2.0},
institution={LLNL},
number={(in preparation)},
year=2004
}

%%% ===================== IDAS ============================
%
% New IDAS user guide
%
@techreport{HiSe:04idas,
author={A. C. Hindmarsh and R. Serban},
title={User Documentation for \mbox{IDAS} v0.1.0},
institution={LLNL},
number={(in preparation)},
year=2004
}
%
% SensIDA user guide
%
@techreport{LeHi:01,
author={S. L. Lee and A. C. Hindmarsh},
title={User Documentation for \mbox{SensIDA}, A Variant of \mbox{IDA} for Sensitivity Analysis},
institution={LLNL},
number={UCRL-MA-145712},
year=2001
}

%%% ===================== KINSOL ============================
%
% New KINSOL user guide
%
@techreport{HSW:04kinsol,
author={A. C. Hindmarsh and R. Serban and C.S. Woodward},
title={User Documentation for \mbox{KINSOL} v2.2.0},
institution={LLNL},
number={(in preparation)},
year=2004
}
%
% KINSOL user guide
%
@techreport{TaHi:98,
author={A. G. Taylor and A. C. Hindmarsh},
title={User Documentation for KINSOL, A Nonlinear Solver for Sequential 
        and Parallel Computers},
institution={LLNL},
number={UCRL-ID-131185},
year=1998
} 

%%% ===================== KINSOL ============================
%
% SensKINSOL user guide
%
@techreport{GHT:03,
author={K. E. Grant and A. C. Hindmarsh and A. G. Taylor},
title={User Documentation for {SensKINSOL}, a Variant of {KINSOL} for Sensitivity
        Analysis},
institution={LLNL},
number={in preparation},
year=2003
} 

%%% =========================================================
%
% NKSOL
%
@article{BrSa:90,
author={P. N. Brown and Y. Saad},
title={Hybrid {K}rylov Methods for Nonlinear Systems of Equations},
journal={SIAM J. Sci. Stat. Comput.},
volume={11},
pages={450--481},
year=1990
}
%
% VODPK
%
@inproceedings{Byr:92,
author={G. D. Byrne},
title={Pragmatic Experiments with {K}rylov Methods in the Stiff {ODE} Setting},
booktitle={Computational Ordinary Differential Equations},
editor={Cash, J.R. and Gladwell, I.},
publisher={Oxford University Press},
address={Oxford},
pages={323--356},
year=1992
}
%
% VODE/EPISODE
%
@article{BBH:89,
author={P. N. Brown and G. D. Byrne and A. C. Hindmarsh},
title={{VODE}, a Variable-Coefficient {ODE} Solver},
journal={SIAM J. Sci. Stat. Comput.},
volume={10},
pages={1038--1051},
year=1989
}
%
% DASPK
%
@article{BHP:94,
author={P. N. Brown and A. C. Hindmarsh and L. R. Petzold},
title={Using {K}rylov Methods in the Solution of Large-Scale Differential-Algebraic Systems},
journal={SIAM J. Sci. Comput.},
volume={15},
pages={1467--1488},
year=1994
}

%%% =========================================================


@article{ACR:79,
author={U. M. Ascher and J. Christiansen and R. D. Russel},
title={A Collocation Solver for Mixed Order Systems of Boundary
        Value Problems},
journal={Math. Comp.},
volume={33},
pages={659-679},
year={1979}
}
@book{AMR:95,
author={U. M. Ascher and R. M. Mattheij and R. D. Russell},
title={Numerical solution of Boundary Value Problems for Ordinary 
        Differential Equations},
publisher={SIAM},
address={Philadelphia, Pa},
year=1995
}
@article{AsPe:93,
author={U. M. Ascher and L. R. Petzold},
title={Stability of Computational Methods for Constrained Dynamics Systems},
journal={SIAM J. Sci. Comput.},
volume={14(1)},
year={1993}
}
@book{AsPe:98,
author={U. M. Ascher and L. R. Petzold},
title={Computer Methods for Ordinary Differential Equations and 
        Differential-Algebraic Equations},
publisher={SIAM},
address={Philadelphia, Pa},
year={1998}
}
@article{Bal:96a,
author={K. Balla},
title={Linear Subspaces for Linear {DAE}s of Index 1},
journal={Computers Math. Applic.},
volume={32(4/5)},
pages={81--86},
year=1996
}
@article{Bal:96b,
author={K. Balla},
title={Boundary Conditions and their Transfer for 
        Differential Algebraic Equations of Index 1},
journal={Computers Math. Applic.},
volume={31(10)},
pages={1--5},
year=1996
}
@article{BaMa:96,
author={K. Balla and R. M{\"a}rz},
title={Transfer of Boundary Conditions for {DAE}s of Index 1},
journal={SIAM J. Numer. Anal.},
volume={33(6)},
pages={2318--2332},
year=1996
}
@article{BaMa:00,
author={K. Balla and R. M{\"a}rz},
title={An Unified Approach to Linear Differential Algebraic 
        Equations and their Adjoint Equations},
journal={Institute of Mathematics Technical Report, Humboldt University, Berlin},
year=2000
}
@article{BaMa:99,
author={K. Balla and R. M{\"a}rz},
title={Linear Differential Algebraic Equations of Index 1
        and their Adjoint Equations},
journal={Results in Mathematics},
volume={37},
pages={13-35},
year=2000
}
%
%
%
@Book{Ber:95,
author={D. P. Bertsekas},
title={Nonlinear Programming},
publisher={Athena Scientific},
address={Belmont, Massachusetts},
year=1995
}   
%
% ADIFOR
%
@article{BCCGH:92,
author={C. H. Bischof and A. Carle and G. Corliss and A. Griewank and P. Hovland},
title={{ADIFOR} - Generating Derivative Codes from Fortran Programs},
journal={Scientific Programming},
volume={1},
pages= {11-29},
year=1992
}
%
% ADIC
%
@article{BRM:97,
author={C. H. Bischof and L. Roh and A. G. Mauer-Oats},
title={{ADIC}: An Extensible Automatic Differentiation Tool for {ANSI-C}},
journal={Software - Practive and Experience},
volume={27(12)},
pages= {1427-1456},
year=1997
}
%
% ADOL-C
%
@article{GJMUVW:96,
author={A. Griewank and D. Juedes and H. Mitev and J. Utke and O. Vogel and A. Walther},
title={{ADOL-C}: A package for the automatic differentiation of algorithms written in {C/C++}},
journal={ACM Trans. Math. Softw.},
volume={22(2)},
pages= {131-167},
year=1996
}
%
% Complex Step
%
@article{MSA:03,
author={J.R.R.A. Martins and P. Sturdza and J.J. Alonso},
title={The complex-step derivative approximation},
journal={ACM Trans. Math. Softw.},
volume={29(3)},
pages= {245-262},
year=2003
}
%
%
%
@article{GrWa:00,
author={A. Griewank and A. Walther},
title={Algorithm 799: {Revolve}: An Implementation of Checkpointing for the
Reverse or Adjoint Mode of Cimputatinal Differentiation},
journal={ACM Trans. Math. Softw.},
volume={26(1)},
pages={19-45},
year=2000
}
%
% DASSL
%
@book{BCP:96,
author={K. E. Brenan and S. L. Campbell and L. R. Petzold},
title={Numerical Solution of Initial-Value Problems in Differential-Algebraic Equations},
publisher={SIAM},
address={Philadelphia, Pa},
year=1996
}

@article{BrHi:89,
author={P. N. Brown and A. C. Hindmarsh},
title={Reduced Storage Matrix Methods in Stiff {ODE} Systems},
journal={J. Appl. Math. \& Comp.},
volume={31},
pages={49--91},
year=1989
}
@article{ByHi:75,
author={G. D. Byrne and A. C. Hindmarsh},
title={A Polyalgorithm for the Numerical Solution of Ordinary
Differential Equations},
journal={ACM Trans. Math. Softw.},
volume={1},
pages={71--96},
year=1975
}
@article{JaSD:80,
author={K. R. Jackson and R. Sacks-Davis},
title={An Alternative Implementation of Variable Step-Size Multistep
Formulas for Stiff {ODE}s},
journal={ACM Trans. Math. Softw.},
volume={6},
pages={295--318},
year=1980
}
%
%
%
@article{BGW:03,
author={P. N. Brown and K. E. Grant and C. S. Woodward},
title={On the Calculation of Uncertainties for {3-D} Time-Dependent Neutral Particle Transport},
journal={J. of Comp. Phys.},
volume={submitted},
pages={},
year=2003
}

%
% Consistent initialization for DAE
%
@article{BHP:98,
author={P. N. Brown and A. C. Hindmarsh and L. R. Petzold},
title={Consistent Initial Condition Calculation for Differential-Algebraic Systems},
journal={SIAM J. Sci. Comput.},
volume={19},
pages={1495--1512},
year=1998
}
%
% Forward sensitivity analysis, radiation diffusion
%
@article{LWG:03,
author={S. L. Lee and C. S. Woodward and F. Graziani},
title={Analyzing Radiation Diffusion Using Time-Dependent
        Sensitivity-Based Techniques}, 
journal = {J. Comp. Phys.},
volume = {192(1)},
pages = {211--230},
year = 2003
}
%
% Adjoint sensitivity
%
@article{Cac:81a,
author={D. G. Cacuci},
title={Sensitivity Theory for Nonlinear Systems. I. 
        Nonlinear Functional Analysis Approach},
journal={J. Math. Phys.},
volume={22(12)},
pages={2794-2802},
year=1981
}
%
% Adjoint sensitivity
%
@article{Cac:81b,
author={D. G. Cacuci},
title={Sensitivity Theory for Nonlinear Systems. II. 
        Extension to Additional Classes of Responses},
journal={J. Math. Phys.},
volume={22(12)},
pages={2803-2812},
year=1981
}
%
% DAE Adjoint sensitivity
%
@article{CLPS:03,
author={Y. Cao and S. Li and L. R. Petzold and R. Serban},
title={Adjoint Sensitivity Analysis for Differential-Algebraic Equations: 
           The Adjoint {DAE} System and its Numerical Solution},
journal = {SIAM J. Sci. Comput.},
volume  = {24(3)},
pages   = {1076--1089},
year	= 2003
}
%
%
%
@article{CBT:91,
author={S. L. Campbell and N. K. Bichols and W. J. Terrel},
title={Duality, Observability and Controllability for Linear Time-Varying Systems},
journal={Circuits, Systems, Signal Process},
volume={10(4)},
pages={455--470},
year=1991
}
%
% Staggered direct method for forward sensitivity
%
@article{CaSt:85,
author={M. Caracotsios and W. E. Stewart},
title={Sensitivity Analysis of Initial Value Problems with 
        Mixed {ODE}s and Algebraic Equations},
journal={Computers and Chemical Engineering},
volume={9},
pages={359-365},
year=1985
}
%
%
%
@book{CoLe:55,
author={E. A. Coddington and N. Levinson},
title={Theory of Ordinary Differential Equations},
publisher={McGraw-Hill},
address={New York},
year=1955
}
%
%
%
@Article{Den:81,
author={J. E. {Dennis Jr.} and D. M. Gay and R. E. Welsch},
title={An Adaptive Nonlinear Least-Squares Algorithm},
journal={ACM Trans. Math. Softw.},
volume={7(3)} , 
pages={348-368},
year=1981
}
%
%
%
@article{DiEi:99,
author={L. Dieci and T. Eirola},
title={On Smooth Decompositions of Matrices},
journal={SIAM J. Matrix Anal. Appl.},
volume={20(4)},
pages={800--819},
year=1999
}
%
%
%
@article{Err:97,
author={R. M. Errico},
title={What is an adjoint model?},
journal={Bulletin of the American Meteorological Society},
volume={78(11)},
pages={2577-2591},
year=1997
}
%
% Staggered corrector method for forward sensitivity
%
@article{FTB:97,
author={W. F. Feehery and J. E. Tolsma and P. I. Barton},
title={Efficient Sensitivity Analysis of Large-Scale Differential-Algebraic Systems},
journal={Appl. Num. Math.},
volume={25(1)},
pages={41--54},
year=1997
}
%
%
%
@article{GhBa:97,
author={O. Ghattas and J. H. Bark},
title={Optimal Control of Two- and Three-Dimensional Incompressible
       {N}avier-Stokes Flows}, 
journal = {J. Comp. Phys.},
volume = {136},
pages = {231-244},
year = 1997
}
%
% TAMC: reverse automatic differentiation (Fortran)
%
@article{GiKa:98,
author={R. Giering and T. Kaminski},
title={Recipes for Adjoint Code Construction},
journal={ACM Trans. Math. Softw.},
volume={24(4)},
pages={437-474},
year=1998
}
%
%
%
@article{GiPi:97,
author={M. B. Giles and N. A. Pierce},
title={Adjoint Equations in {CFD}: Duality, Boundary Conditions and Solution Behavior},
journal={AIAA Paper 97-1850},
volume={AIAA, New York},
year=1997
}
%
%
%
@article{GJLPS:98,
author={P. E. Gill and L. O. Jay and M. W. Leonard and L. R. Petzold and V. Sharma},
title={An {SQP} Method for the Optimal Control of Large-Scale Dynamical Systems},
journal={J. Comp. Appl. Math.},
volume={20},
pages={197-213},
year=2000
}
%
%
%
@book{GoVL:96,
author={G. H. Golub and C. F. Van Loan},
title={Matrix computations},
publisher={The Johns Hopkins University Press},
address={Baltimore, Md},
year=1996
}
%
%
%
@book{HWN:87,
author={E. Hairer and S. P. Norsett and G. Wanner},
title={Solving Ordinary Differential Equations I},
publisher={Springer-Verlag},
address={Berlin},
year=1987
}
%
%
%
@book{HaWa:91,
author={E. Hairer and G. Wanner},
title={Solving Ordinary Differential Equations II, Stiff and Differential-Algebraic Problems},
publisher={Springer-Verlag},
address={Berlin},
year=1991
}
%
%
%
@article{HMM:98,
author={M. Hanke and E. I. Macana and R. M{\"a}rz},
title={On Asymptotics in Case of Linear Index-2 Differential-Algebraic
        Equations},
journal={SIAM J. Numer. Anal.}, 
volume={35}, 
pages={1326--1346},
year=1998
}
%
% BDF Stability Limit Detection
%
@inproceedings{Hin:92,
author={A. C. Hindmarsh},
title={Detecting Stability Barriers in {BDF} Solvers},
booktitle={Computational Ordinary Differential Equations},
editor={J.R. Cash and I. Gladwell},
publisher={Oxford University Press},
address={Oxford},
pages={87--96},
year=1992
}
%
%
%
@article{Hin:95,
author={A. C. Hindmarsh},
title={Avoiding {BDF} Stability Barriers in the {MOL}
        Solution of Advection-Dominated Problems},
journal={Appl. Num. Math.},
volume={17},
pages={311--318},
year=1995
}
%
%
%
@book{Kel:68,
author={H. B. Keller},
title={Numerical methods for two-point boundary-value problems},
publisher={Blaisdel},
address={Waltham, Ma},
year=1968
}
%
%
%
@article{KBYPT:97,
author={D. Knapp and V. Barocas and K. Yoo and L. R. Petzold and R. Tranquillo},
title={Rheology of Reconstituted Type I Collagen Gel in Confined Compression},
journal={J. Rheology},
volume={41},
pages={971--993},
year=1997
}
%
%
%
@inproceedings{KKPR:01,
author={S. Kohn and G. Kumfert and J. Painter and C. Ribbens},
title={Divorcing Language Dependencies from a Scientific Software Library},
booktitle={10th SIAM Conference on Parallel Processing},
address={Portsmouth, VA},
year=2001
}
%
%
%
@article{Lew:98,
author={R. M. Lewis},
title={Numerical Computation of Sensitivities and the
        Adjoint Approach},
journal={ICASE technical report},
volume={97-61},
year=1997
}
%
% Neutron Transport
%
@book{LeMi:93,
author={E. E. Lewis and W. F. Miller},
title={Computational Methods of Neutron Transport},
publisher={American Nuclear Society},
address={La Grange Park, IL},
year=1993
}
%
% DSL48S manual
%
@techreport{Fee:98,
author={W. F. Feehery},
title={DSL48S Manual},
institution={MIT},
number={ABACUSS Project Report 98/1},
year=1998
}
%
% DASPK3.0 description
%
@article{LiPe:99a,
author={S. Li and L. R. Petzold},
title={Software and Algorithms for Sensitivity Analysis of Large-Scale
        Differential-Algebraic Systems},
journal={J. Comp. Appl. Math.},
volume={125},
pages={131-145},
year=2000
}
%
%
%
@techreport{LiPe:99b,
author={S. Li and L. R. Petzold},
title={Design of New \mbox{DASPK} for Sensitivity Analysis},
institution={Dept. of Computer Science, UCSB},
year=1999
}
%
%
%
@techreport{LiPe:00,
author={S. Li and L. R. Petzold},
title={Description of {DASPKADJOINT}: An Adjoint Sensitivity 
Solver for Differential-Algebraic Equations},
institution={Dept. of Computer Science, UCSB},
number={},
year=2000
} 
%
% Comparison of methods for forward sensitivity
%
@article{LPZ:99,
author={S. Li and L. R. Petzold and W. Zhu},
title={Sensitivity Analysis of Differential-Algebraic Equations: A Comparison of Methods
        on a Special Problem},
journal={Appl. Num. Math.},
volume={32(2)},
pages={161--174},
year=1999
}
%
%
%
@article{LiPe:04,
author={S. Li and L. R. Petzold},
title={Adjoint Sensitivity Analysis for Time-Dependent
Partial Differential Equations with Adaptive Mesh Refinement},
journal={J. Comp. Phys.},
volume={in press},
pages={},
year=2004
}
%
%
%
@techreport{ArSa:97,
author={E. Arian and M. Salas},
title={Admitting the Inadmissible: Adjoint Formulation for Incomplete Cost
Functionals in Aerodynamic Optimization},
institution={ICASE},
number={97-69},
year=1997
} 
%
% Sensitivity paper by Tocci
%
@article{Toc:01,
author={M. D. Tocci},
title={Sensitivity Analysis of Large-Scale Time Dependent {PDE}s},
journal={Appl. Num. Math.},
volume={37(1)},
pages={109--125},
year=2001
}
%
%
%
@article{Mac:99a,
author={L. Machiels},
title={A Posteriori Finite Element Output Bounds for Discontinuous {G}alerkin Discretizations 
        of Parabolic Problems},
journal={Lawrence Livermore National Laboratory technical report},
volume={UCRL-JC-136614},
year=1999
}
%
%
%
@article{MaMaPa:99,
author={L. Machiels and Y. Maday and A. T. Patera},
title={Output Bounds for Reduced-Order Approximations of Elliptic Partial 
        Differential Equations},
journal={MIT technical report},
volume={FML 99-5-1},
year=1999
}
%
% Adjoint equations (formal approach)
%
@book{MAS:96,
author={G. I. Marchuk and V. I. Agoshkov and V. P. Shutyaev},
title={Adjoint Equations and Perturbation Algorithms},
publisher={CRC Press},
address={Boca Raton, Fl},
year=1996
}
%
% Simultaneous corrector method for forward sensitivity
%
@article{MaPe:96,
author={T. Maly and L. R. Petzold},
title={Numerical Methods and Software for Sensitivity 
        Analysis of Differential-Algebraic Systems},
journal={Appl. Num. Math.}, 
volume={20},
pages={57-79},
year=1996
}
%
%
%
@article{Mar:00,
author={R. M{\"a}rz},
title={Differential Algebraic Systems Anew},
journal={Institute of Mathematics Technical Report, Humboldt University, Berlin},
year=2000
}
%
% Radiation Hydrodynamics
%
@book{Pom:73,
author={G. C. Pomraning},
title={The Equations of Radiation Hydrodynamics},
publisher={Pergamon Press},
address={Oxford},
year=1973
}
%
% LSODE report
%
@techreport{RaHi:93,
author={K. Radhakrishnan and A. C. Hindmarsh},
title={Description and Use of {LSODE}, the {L}ivermore Solver for 
        Ordinary Differential Equations},
institution={LLNL},
number={UCRL-ID-113855},
year=1993
}
%
% Optimal control w/ forward sensitivities (cooptFM application)
%
@article{RKSP:00,
author={L. L. Raja and R. J. Kee and R. Serban and L. R. Petzold},
title={Computational Algorithm for Dynamic Optimization of Chemical Vapor
        Deposition Processes in Stagnation Flow Reactors},
journal={J. Electrochemical Soc.},
volume={147(7)},
pages={2718--2726},
year=2000
}
%
% GMRES
%
@article{SaSc:86,
author={Y. Saad and M. H. Schultz},
title={{GMRES}: A Generalized Minimal Residual
        Algorithm for Solving Nonsymmetric Linear Systems},
journal={SIAM J. Sci. Stat. Comp.},
volume={7},
pages={856--869},
year=1986
}
%
% Halo orbit paper
%
@article{SKLMPRW:02,
author={R. Serban and W. S. Koon and M. Lo and J. Marsden and L. R. Petzold and S. D. Ross and R. Wilson},
title={Halo Orbit Mission Correction Maneuvers Using Optimal Control},
journal={Automatica},
volume={38(4)},
pages={571--583},
year=2002
}
%
% cooptAM paper
%
@article{SLP:03,
author={R. Serban and S. Li and L. R. Petzold},
title={Adaptive Algorithms for Optimal Control of Time-Dependent Partial 
        Differential-Algebraic Equation Systems},
journal={Int. J. Numer. Math. Eng.},
volume={57},
pages={1457--1569},
year=2003
}
%
% cooptFM description
%
@article{SePe:01,
author={R. Serban and L. R. Petzold},
title={{COOPT} - A Software Package for Optimal Control of Large-Scale
        Differential-Algebraic Equation Systems},
journal={J. Math. Comp. Sim.},
volume={56(2)},
pages={187--203},
year=2001
}
%
% ODE BVP adjoint sensitivity analysis
%
@article{SePe:02,
author={R. Serban and L. R. Petzold},
title={Efficient Computation of Sensitivities for Ordinary Differential 
        Equation Boundary Value Problems},
journal={SIAM J. Num. An.},
volume={40(1)},
pages={220--232},
year=2002
}

%
%
%
@inproceedings{WGM:02,
author={C. S. Woodward and K. E. Grant and R. Maxwell},
title={Applications of Sensitivity Analysis to Uncertainty Quantification for Variably Saturated Flow},
booktitle={Computational Methods in Water Resources},
editor={S. M. Hassanizadeh and R. J. Schotting and W. G. Gray and G. F. Pinder},
publisher={Elsevier},
address={Amsterdam},
pages={73--80},
year=2002
}
%
% Inexact Newton Methods
%
@book{DeSc:96,
author={J. E. Dennis and R. B. Schnabel},
title={Numerical Methods for Unconstrained Optimization and Nonlinear Equations},
publisher={SIAM},
address={Philadelphia, Pa},
year=1996
}
%
%
%
@article{EiWa:96,
author={S. C. Eisenstat and H. F. Walker},
title={Choosing the Forcing Terms in an Inexact {N}ewton Method},
journal={SIAM J. Sci. Comput.},
volume={17},
pages={16--32},
year=1996
}
%
%
%
@Article{EiWa:94,
author = {S. C. Eisenstat and H. F. Walker},
title = {Globally Convergent Inexact {N}ewton Methods},
journal = {SIAM J. Optimization},
volume = {4},
pages = {393-422},
year = {1994}
}
%
%
%
@Article{DES:82,
author = {R. S. Dembo and S. C. Eisenstat and T. Steihaug},
title = {Inexact {N}ewton Methods},
journal = {SIAM J. Numer. Anal.},
volume = {19},
pages = {400-408},
year = 1982
}
%
%
%
@Article{Bro:87,
author = {P. N. Brown},
title = {A local convergence theory for combined inexact-{N}ewton/finite
          difference projection methods},
journal = {SIAM J. Numer. Anal.},
volume = {24},
number = {2},
pages = {407--434},
year = 1987,
}
%
%
%
@book{Kel:95,
author = {C. T. Kelley},
title = {Iterative Methods for Solving Linear and Nonlinear Equations},
publisher = {SIAM},
address = {Philadelphia, Pa},
year = 1995
}
%
%
%
@Article{BrWo:01,
  author =      {P.~N.~Brown and C.~S.~Woodward},
  title =       {Preconditioning Strategies for Fully Implicit Radiation 
                 Diffusion with Material-Energy Transfer},
  journal =     {SIAM J. Sci. Comput.},
  volume =       23,
  number =       2,
  pages =       {499--516},
  year =         2001
}
%
%
%
@Article{JoWo:01,
author =      {J.~E.~Jones and C.~S.~Woodward},
title =       {{N}ewton-{K}rylov-Multigrid Solvers for Large-Scale, 
                 Highly Heterogeneous, Variably Saturated Flow Problems},
journal =     {Advances in Water Resources},
pages =       {763--774},
year =        2001,
volume =      24
}
%
%
%
@inproceedings{Woo:98,
  author =      {C.~S.~Woodward},
  title =       {A {N}ewton-{K}rylov-Multigrid Solver for Variably Saturated 
                 Flow Problems}, 
  booktitle =   {Proc. of the Twelfth International Conference on 
                 Computational Methods in Water Resources},
  publisher =   {Computational Mechanics Publications},
  volume =      {2},
  address =     {Southampton},
  pages =       {609--616},
  year =        1998
}

%
% Curtis-Powell-Reid
%

@article{CPR:74,
author={A. R. Curtis and M. J. D. Powell and J. K. Reid},
title={On the Estimation of Sparse {J}acobian Matrices},
journal={J. Inst. Math. Applic.},
volume={13},
pages={117--119},
year=1974
}

%
% Rootfinding
%
@techreport{HeSh:80,
author={K. L. Hiebert and L. F. Shampine},
title={{Implicitly Defined Output Points for Solutions of ODEs}},
institution={Sandia National Laboratories},
number={SAND80-0180},
year=1980
}
