%
% CVODE  user guide
%
@techreport{cvode_ug,
author={A. C. Hindmarsh and R. Serban},
title={{User Documentation for CVODE v2.6.0}},
institution={LLNL},
number={UCRL-SM-208108},
year=2009
}
%
% CVODE examples
%
@techreport{cvode_ex,
author={A. C. Hindmarsh and R. Serban},
title={{Example Programs for CVODE v2.6.0}},
institution={LLNL},
note={UCRL-SM-208110},
year=2009
}
%
% CVODES user guide
%
@techreport{cvodes_ug,
author={A. C. Hindmarsh and R. Serban},
title={{User Documentation for CVODES v2.6.0}},
institution={LLNL},
note={UCRL-SM-208111},
year=2009
}
%
% CVODES examples
%
@techreport{cvodes_ex,
author={A. C. Hindmarsh and R. Serban},
title={{Example Programs for CVODES v2.6.0}},
institution={LLNL},
number={UCRL-SM-208115},
year=2009
}
%
% IDA  user guide
%
@techreport{ida_ug,
author={A. C. Hindmarsh and R. Serban},
title={{User Documentation for IDA v2.6.0}},
institution={LLNL},
number={UCRL-SM-208112},
year=2009
}
%
% IDA  examples
%
@techreport{ida_ex,
author={A. C. Hindmarsh and R. Serban},
title={{Example Programs for IDA v2.6.0}},
institution={LLNL},
number={UCRL-SM-208113},
year=2009
}
%
% IDAS user guide
%
@techreport{idas_ug,
author={R. Serban and C. Petra and A.C. Hindmarsh},
title={{User Documentation for IDAS v1.0.0}},
institution={LLNL},
note={UCRL-SM-234051},
year=2009
}
%
% IDAS examples
%
@techreport{idas_ex,
author={A.C. Hindmarsh and R. Serban},
title={{Example Programs for IDAS v1.0.0}},
institution={LLNL},
note={UCRL-SM-******},
year=2009
}
%
% KINSOL  user guide
%
@techreport{kinsol_ug,
author={A. M. Collier and A. C. Hindmarsh and R. Serban and C.S. Woodward},
title={{User Documentation for KINSOL v2.6.0}},
institution={LLNL},
number={UCRL-SM-208116},
year=2009
}
%
% KINSOL  examples
%
@techreport{kinsol_ex,
author={A. M. Collier and R. Serban},
title={{Example Programs for KINSOL v2.6.0}},
institution={LLNL},
number={UCRL-SM-208114},
year=2009
}

%
% Upcoming SUNDIALS article
%
@article{HBGLSSW:04,
author={A. C. Hindmarsh and P. N. Brown and K. E. Grant and S. L. Lee 
        and R. Serban and D. E. Shumaker and C. S. Woodward},
title={\mbox{SUNDIALS}, Suite of Nonlinear and Differential/Algebraic Equation Solvers},
journal={ACM Trans. Math. Soft.},
number={31},
pages={363--396},
year=2005
}
% 
